<record><leader>00000cas a22000007a 4500</leader><controlfield tag="001">21266207</controlfield><controlfield tag="008">900326c197u9999akuqr ne      0    0eng d</controlfield><datafield ind1=" " ind2=" " tag="010"><subfield code="a">sn 94050905 </subfield></datafield><datafield ind1=" " ind2=" " tag="040"><subfield code="a">WIH</subfield><subfield code="b">eng</subfield><subfield code="c">WIH</subfield><subfield code="d">ANU</subfield><subfield code="d">OCLCQ</subfield><subfield code="d">OCLCF</subfield><subfield code="d">OCLCO</subfield></datafield><datafield ind1="1" ind2=" " tag="029"><subfield code="a">AU@</subfield><subfield code="b">000010928983</subfield></datafield><datafield ind1=" " ind2=" " tag="037"><subfield code="b">Aleutian/Pribilof Islands Association, Inc., 401 East Fireweed Lane, Suite 201, Anchorage, Alaska 99503-2111</subfield></datafield><datafield ind1=" " ind2=" " tag="042"><subfield code="a">msc</subfield></datafield><datafield ind1=" " ind2=" " tag="043"><subfield code="a">n-us-ak</subfield></datafield><datafield ind1="0" ind2="0" tag="245"><subfield code="a">Aang angagin, aang angaginas.</subfield></datafield><datafield ind1="3" ind2="0" tag="246"><subfield code="a">Aang angagin</subfield></datafield><datafield ind1="1" ind2="2" tag="246"><subfield code="a">Unangan unity</subfield><subfield code="f">v. 7, no. 5</subfield></datafield><datafield ind1=" " ind2=" " tag="260"><subfield code="a">Anchorage, Alaska :</subfield><subfield code="b">Aleutian/Pribilof Islands Association &amp; Aleutian Housing Authority</subfield></datafield><datafield ind1=" " ind2=" " tag="300"><subfield code="a">v. :</subfield><subfield code="b">ill.</subfield></datafield><datafield ind1=" " ind2=" " tag="310"><subfield code="a">Quarterly</subfield></datafield><datafield ind1=" " ind2=" " tag="515"><subfield code="a">Numbering is irregular.</subfield></datafield><datafield ind1=" " ind2=" " tag="588"><subfield code="a">Description based on: Vol. 7, no. 8 (Sept. 1982).</subfield></datafield><datafield ind1=" " ind2=" " tag="588"><subfield code="a">Latest issue consulted: Vol. 11, no. 2 (Fall 1991).</subfield></datafield><datafield ind1=" " ind2="0" tag="650"><subfield code="a">Aleuts</subfield><subfield code="v">Newspapers.</subfield></datafield><datafield ind1=" " ind2="7" tag="655"><subfield code="a">Newspapers.</subfield><subfield code="2">fast</subfield><subfield code="0">(OCoLC)fst01423814</subfield></datafield><datafield ind1=" " ind2="7" tag="650"><subfield code="a">Aleuts.</subfield><subfield code="2">fast</subfield><subfield code="0">(OCoLC)fst00804726</subfield></datafield><datafield ind1="2" ind2=" " tag="710"><subfield code="a">Aleutian/Pribilof Islands Association.</subfield></datafield><datafield ind1="2" ind2=" " tag="710"><subfield code="a">Aleutian Housing Authority.</subfield></datafield><datafield ind1=" " ind2=" " tag="752"><subfield code="a">United States</subfield><subfield code="b">Alaska</subfield><subfield code="c">Anchorage</subfield><subfield code="d">Anchorage.</subfield></datafield></record>